<?xml version="1.0" encoding="UTF-8"?><collection xmlns="http://www.loc.gov/MARC21/slim"><record><leader>00400nam--2200133-i-4500</leader><controlfield tag="001">000037841</controlfield><controlfield tag="002">20161230</controlfield><controlfield tag="005">20161230201041</controlfield><controlfield tag="008">060222s1000------------r-----000-0-eng-d</controlfield><datafield ind1=" " ind2=" " tag="100"><subfield code="a">Rant, Z</subfield></datafield><datafield ind1=" " ind2=" " tag="245"><subfield code="a">Verdampfen in theorie und praxis</subfield></datafield><datafield ind1=" " ind2=" " tag="260"><subfield code="a">Dresden, Verlag Von Th.Steinkopff, 1959, Xv + 260p., 197 Fig., 5 Tabl</subfield></datafield><datafield ind1=" " ind2=" " tag="490"><subfield code="a">Warmelehre Und Warmewirtschaft In Einzeldasstellungen,</subfield></datafield><datafield ind1=" " ind2=" " tag="852"><subfield code="a">7569</subfield></datafield></record></collection>